; AUTO-GENERATED by scripts.synth — do not edit by hand.
; Regenerate with: uv run python -m scripts.synth generate
; Every entry below is balance-checked at generation time.

2025-06-02 * BACKDATED MERCHANT    ; txn:6a070e4c5ddd
    Expenses:Misc                                   199.00 INR
    Assets:Bank:HDFCSavings                         -199.00 INR
    ; note: synthetic account_debit_upi

2026-05-17 * REWARDS PORTAL    ; txn:5a2c6486ed75
    Income:Cashback Rewards                         -2916.11 INR
    Assets:Bank:KotakSalary                         2916.11 INR
    ; note: synthetic account_credit_cashback_rewards

2026-05-21 * FREELANCE CLIENT    ; txn:50478a651ab6
    Income:Other Income                             -1486.77 INR
    Assets:Bank:KotakSalary                         1486.77 INR
    ; note: synthetic account_credit_other_income

2026-05-22 * FUEL    ; txn:e007823b3dfb
    Expenses:Fuel                                   4370.52 INR
    Assets:Bank:HDFCSavings                         -4370.52 INR
    ; note: synthetic account_debit_fuel

2026-05-27 * TUITION ACADEMY    ; txn:49d233510b90
    Expenses:Education                              4054.67 INR
    Assets:Bank:KotakSalary                         -4054.67 INR
    ; note: synthetic account_debit_education

2026-05-28 * ENTERTAINMENT    ; txn:fc864e8849e9
    Expenses:Entertainment                          4585.03 INR
    Assets:Bank:ICICISavings                        -4585.03 INR
    ; note: synthetic account_debit_entertainment

2026-05-30 * ELECTRICITY BOARD    ; txn:638377bc21e4
    Expenses:Bill Payment                           503.39 INR
    Assets:Bank:HDFCSavings                         -503.39 INR
    ; note: synthetic account_debit_bill_payment

2026-06-15 * CAR SERVICE CENTER    ; txn:22b3094a15bd
    Expenses:Car Maintenance                        3272.40 INR
    Assets:Bank:ICICISavings                        -3272.40 INR
    ; note: synthetic account_debit_car_maintenance

2026-06-15 * WINDOW MERCHANT    ; txn:dc55bda5fbc7
    Expenses:Shopping                               1234.00 INR
    Liabilities:Card:HDFCMillenniaCC                -1234.00 INR
    ; note: synthetic cc_debit_purchase

2026-06-16 * PENDING LLM MERCHANT    ; txn:e05277724d17
    Expenses:Misc                                   130.00 INR
    Assets:Bank:HDFCSavings                         -130.00 INR
    ; note: synthetic account_debit_upi

2026-06-17 * LLM CAT MERCHANT    ; txn:88a3fac530c7
    Expenses:Travel                                 610.00 INR
    Assets:Bank:HDFCSavings                         -610.00 INR
    ; note: synthetic account_debit_upi

2026-06-18 * MANUAL CAT MERCHANT    ; txn:86572ca1f9ec
    Expenses:Shopping                               420.00 INR
    Assets:Bank:HDFCSavings                         -420.00 INR
    ; note: synthetic account_debit_upi

2026-06-19 * HDFC Millennia CC    ; txn:9521c782c3c1
    Liabilities:Card:HDFCMillenniaCC                4000.00 INR
    Assets:Bank:HDFCSavings                         -4000.00 INR
    ; note: synthetic account_debit_cc_payment

2026-06-21 * SPLIT MERCHANT A    ; txn:68ac9fcb35e8
    Expenses:Shopping                               300.00 INR
    Assets:Bank:HDFCSavings                         -300.00 INR
    ; note: synthetic account_debit_upi

2026-06-21 * SPLIT MERCHANT B    ; txn:729412b51e4e
    Expenses:Shopping                               200.00 INR
    Assets:Bank:HDFCSavings                         -200.00 INR
    ; note: synthetic account_debit_upi

2026-06-23 * MISMATCH MERCHANT    ; txn:b4d7fb5119c2
    Expenses:Shopping                               640.00 INR
    Assets:Bank:HDFCSavings                         -640.00 INR
    ; note: synthetic account_debit_upi

2026-06-23 * GENERAL STORES    ; txn:ba875e02ed04
    Expenses:Expense                                3698.44 INR
    Assets:Bank:KotakSalary                         -3698.44 INR
    ; note: synthetic account_debit_expense

2026-06-24 * GIVE CHARITY    ; txn:421d860edbcf
    Expenses:Charity Gift                           4679.80 INR
    Assets:Bank:HDFCSavings                         -4679.80 INR
    ; note: synthetic account_debit_charity_gift

2026-06-25 * GIFT SHOP    ; txn:3e7e5e74c8b3
    Expenses:Gift                                   1990.12 INR
    Assets:Bank:HDFCSavings                         -1990.12 INR
    ; note: synthetic account_debit_gift

2026-06-26 * UNCATEGORIZED MERCHANT    ; txn:6eab70c9c1ec
    Expenses:Unknown                                77.00 INR
    Assets:Bank:HDFCSavings                         -77.00 INR
    ; note: synthetic account_debit_upi

2026-06-27 * SELF    ; txn:1513146f33a3
    Assets:Bank:KotakSalary                         3949.24 INR
    Assets:Bank:HDFCSavings                         -3949.24 INR
    ; note: synthetic account_debit_transfer

2026-06-29 * BANK REVERSAL    ; txn:66187753762d
    Expenses:Fees Charges                           -236.00 INR
    Assets:Bank:HDFCSavings                         236.00 INR
    ; note: synthetic account_credit_reversal

2026-07-01 * EMPLOYER INC    ; txn:4180f3e5dead
    Assets:Bank:HDFCSalary                          -154132.30 INR
    Income:Salary                                   154132.30 INR
    ; note: synthetic account_credit_salary

2026-07-01 * COFFEE DAY    ; txn:b1f170cb7e21
    Expenses:Dining                                 150.00 INR
    Assets:Bank:HDFCSavings                         -150.00 INR
    ; note: synthetic account_debit_upi

2026-07-01 * DINNER RESTAURANT    ; txn:df60bf8b7306
    Expenses:Dining                                 250.00 INR
    Assets:Bank:HDFCSavings                         -250.00 INR
    ; note: synthetic account_debit_upi

2026-07-02 * MERCHANT REFUND    ; txn:c2c4b15c1a88
    Income:Refund                                   -1499.00 INR
    Assets:Bank:HDFCSavings                         1499.00 INR
    ; note: synthetic account_credit_refund

2026-07-03 * SALON & SPA    ; txn:1ee10d0922b6
    Expenses:Personal Care                          2462.48 INR
    Assets:Bank:HDFCSalary                          -2462.48 INR
    ; note: synthetic account_debit_personal_care

2026-07-03 * ELECTRICITY BOARD    ; txn:2129b62e576f
    Expenses:Utilities                              2361.51 INR
    Assets:Bank:HDFCSavings                         -2361.51 INR
    ; note: synthetic account_debit_upi

2026-07-03 * BANK INTEREST    ; txn:273a3964e620
    Assets:Bank:HDFCSavings                         -5588.33 INR
    Income:Interest                                 5588.33 INR
    ; note: synthetic account_credit_interest

2026-07-03 * ZOMATO    ; txn:9891c40fd311
    Expenses:Dining                                 2380.33 INR
    Assets:Bank:HDFCSavings                         -2380.33 INR
    ; note: synthetic account_debit_upi

2026-07-03 * PAYMENT THANK YOU    ; txn:ad3d61e0ad42
    Liabilities:Card:HDFCMillenniaCC                -7378.84 INR
    Assets:Bank:HDFCSavings                         7378.84 INR
    ; note: synthetic account_credit_card_payment

2026-07-04 * LANDLORD    ; txn:9ffdf7921ea3
    Expenses:Rent                                   24468.71 INR
    Assets:Bank:HDFCSavings                         -24468.71 INR
    ; note: synthetic account_debit_nach

2026-07-04 * Synthetic    ; txn:f42b98804e4f
    Expenses:Misc                                   88.00 INR
    Assets:Bank:HDFCSavings                         -88.00 INR
    ; note: synthetic account_debit_upi

2026-07-05 * FUND HOUSE    ; txn:4806d62630ed
    Assets:Investments:Synthetic Fund               36018.52 INR
    Assets:Bank:ICICISavings                        -36018.52 INR
    ; note: synthetic account_debit_investment

2026-07-06 * BIGBASKET    ; txn:4b45da8419ac
    Expenses:Groceries                              982.80 INR
    Liabilities:Card:HDFCMillenniaCC                -982.80 INR
    ; note: synthetic cc_debit_purchase

2026-07-06 * INCOME TAX DEPT    ; txn:7962f0ae3587
    Expenses:Tax                                    2782.17 INR
    Assets:Bank:HDFCSavings                         -2782.17 INR
    ; note: synthetic account_debit_tax

2026-07-07 * CC MERCHANT REFUND    ; txn:35a2936fec85
    Expenses:Shopping                               -750.00 INR
    Liabilities:Card:HDFCMillenniaCC                750.00 INR
    ; note: synthetic cc_credit_refund

2026-07-07 * APOLLO PHARMACY    ; txn:8f89541e8452
    Expenses:Healthcare                             2147.19 INR
    Assets:Bank:HDFCSalary                          -2147.19 INR
    ; note: synthetic account_debit_upi

2026-07-07 * LOAN DEPARTMENT    ; txn:ac74f4727000
    Expenses:Emi Loan                               5672.47 INR
    Assets:Bank:HDFCSavings                         -5672.47 INR
    ; note: synthetic account_debit_emi_loan

2026-07-09 * INSURER CO    ; txn:4862378765ed
    Expenses:Insurance:Medical Health Insurance Premium  18499.00 INR
    Assets:Bank:HDFCSavings                         -18499.00 INR
    ; note: synthetic account_debit_nach

2026-07-10 * SELF    ; txn:18f46e780a17
    Assets:Bank:HDFCSalary                          -14058.73 INR
    Assets:Bank:HDFCSavings                         14058.73 INR
    ; note: synthetic account_credit_transfer

2026-07-10 * SELF    ; txn:974f285e6137
    Assets:Bank:HDFCSalary                          14058.73 INR
    Assets:Bank:HDFCSavings                         -14058.73 INR
    ; note: synthetic account_debit_transfer

2026-07-11 * FUND HOUSE REDEMPTION    ; txn:a685e3b454c2
    Assets:Investments:Synthetic Fund               -15000.00 INR
    Assets:Bank:HDFCSavings                         15000.00 INR
    ; note: synthetic account_credit_redemption

2026-07-12 * ATM    ; txn:ff99569e6dd6
    Expenses:Cash Withdrawal                        4542.95 INR
    Assets:Bank:KotakSalary                         -4542.95 INR
    ; note: synthetic account_debit_atm

2026-07-13 * UNKNOWN MERCHANT    ; txn:0d3267736b14
    Expenses:Unknown                                777.00 INR
    Equity:Unknown                                  -777.00 INR
    ; note: synthetic account_debit_upi

2026-07-13 * UBER    ; txn:20d2d5f2a975
    Expenses:Transport                              3015.63 INR
    Assets:Bank:HDFCSalary                          -3015.63 INR
    ; note: synthetic account_debit_upi

2026-07-14 * HDFC Millennia CC    ; txn:baec04ba2892
    Liabilities:Card:HDFCMillenniaCC                9936.79 INR
    Assets:Bank:HDFCSalary                          -9936.79 INR
    ; note: synthetic account_debit_cc_payment

2026-07-15 * MAKEMYTRIP    ; txn:078262826218
    Expenses:Travel                                 3885.51 INR
    Assets:Bank:ICICISavings                        -3885.51 INR
    ; note: synthetic account_debit_upi

2026-07-15 * LOAN REPAYMENT    ; txn:4827ba4767a9
    Assets:Bank:ICICISavings                        -25532.20 INR
    Income:Repayment                                25532.20 INR
    ; note: synthetic account_credit_repayment

2026-07-15 * BIGBASKET    ; txn:492beebdd3c9
    Expenses:Groceries                              2204.55 INR
    Assets:Bank:HDFCSalary                          -2204.55 INR
    ; note: synthetic account_debit_upi

2026-07-15 * JIO    ; txn:4f180f51435e
    Expenses:Utilities                              1047.23 INR
    Assets:Bank:KotakSalary                         -1047.23 INR
    ; note: synthetic account_debit_upi

2026-07-15 * HDFC    ; txn:73d4593a126e
    Expenses:Fees Charges                           486.28 INR
    Assets:Bank:HDFCSavings                         -486.28 INR
    ; note: synthetic account_debit_charge

2026-03-17 * Investment Lot - Synthetic Liquid Fund
    Assets:Investments:INE000A01020  500 "INE000A01020" {100.00 INR} [2026-03-17]
    Equity:Opening Balances:Investment              -50000.00 INR

